<record><leader>00000cas a2200000 a 4500</leader><controlfield tag="001">11693056</controlfield><controlfield tag="008">850214d18991954ksuwr ne      0   a0eng d</controlfield><controlfield tag="009">3789</controlfield><datafield ind1=" " ind2=" " tag="010"><subfield code="a">sn 85030051 </subfield></datafield><datafield ind1=" " ind2=" " tag="040"><subfield code="a">KSH</subfield><subfield code="b">eng</subfield><subfield code="c">KSH</subfield><subfield code="d">NPT</subfield><subfield code="d">DLC</subfield><subfield code="d">OCL</subfield></datafield><datafield ind1=" " ind2=" " tag="042"><subfield code="a">msc</subfield></datafield><datafield ind1="0" ind2="4" tag="245"><subfield code="a">The Norwich herald.</subfield></datafield><datafield ind1=" " ind2=" " tag="260"><subfield code="a">Norwich, Kan. :</subfield><subfield code="b">[s.n.],</subfield><subfield code="c">1899-1954.</subfield></datafield><datafield ind1=" " ind2=" " tag="300"><subfield code="a">56 v. :</subfield><subfield code="b">ill. ;</subfield><subfield code="c">48-58 cm.</subfield></datafield><datafield ind1=" " ind2=" " tag="310"><subfield code="a">Weekly</subfield></datafield><datafield ind1="0" ind2=" " tag="362"><subfield code="a">Vol. 1, no. 1 (Jan. 20, 1899)-v. 55, no. 30 (Aug. 5, 1954).</subfield></datafield><datafield ind1=" " ind2=" " tag="500"><subfield code="a">Publisher varies.</subfield></datafield><datafield ind1=" " ind2=" " tag="500"><subfield code="a">Includes sections called "Milton Messenger," Sept. 25, 1924-May 16, 1946; "Belmont Bulletin," Sept. 24, 1931-Oct. 5, 1933; "Nor-Hi-Wich," Sept. 8, 1932-Dec. 19, 1935.</subfield></datafield><datafield ind1=" " ind2=" " tag="525"><subfield code="a">Supplements included.</subfield></datafield><datafield ind1=" " ind2=" " tag="752"><subfield code="a">United States</subfield><subfield code="b">Kansas</subfield><subfield code="c">Kingman</subfield><subfield code="d">Norwich.</subfield></datafield><datafield ind1="0" ind2="4" tag="785"><subfield code="t">Harper advocate and the Harper news</subfield><subfield code="w">(DLC)sn 84030387</subfield></datafield></record>